@article {MR3268326,
    AUTHOR = {DeMeo, William},
     TITLE = {Isotopic algebras with nonisomorphic congruence lattices},
   JOURNAL = {Algebra Universalis},
  FJOURNAL = {Algebra Universalis},
    VOLUME = {72},
      YEAR = {2014},
    NUMBER = {3},
     PAGES = {295--298},
      ISSN = {0002-5240},
   MRCLASS = {08A30 (06B10)},
  MRNUMBER = {3268326},
MRREVIEWER = {E. W. Kiss},
       DOI = {10.1007/s00012-014-0301-4},
       URL = {https://doi-org.colorado.idm.oclc.org/10.1007/s00012-014-0301-4},
}
	
@article {MR3041715,
    AUTHOR = {DeMeo, William},
     TITLE = {Expansions of finite algebras and their congruence lattices},
   JOURNAL = {Algebra Universalis},
  FJOURNAL = {Algebra Universalis},
    VOLUME = {69},
      YEAR = {2013},
    NUMBER = {3},
     PAGES = {257--278},
      ISSN = {0002-5240},
   MRCLASS = {08A30 (06B10 08A60)},
  MRNUMBER = {3041715},
MRREVIEWER = {E. W. Kiss},
       DOI = {10.1007/s00012-013-0226-3},
       URL = {https://doi-org.colorado.idm.oclc.org/10.1007/s00012-013-0226-3},
}
		
@book {MR3078387,
    AUTHOR = {DeMeo, William J.},
     TITLE = {Congruence lattices of finite algerbras},
      NOTE = {Thesis (Ph.D.)--University of Hawai'i at Manoa},
 PUBLISHER = {ProQuest LLC, Ann Arbor, MI},
      YEAR = {2012},
     PAGES = {125},
      ISBN = {978-1267-50086-1},
   MRCLASS = {Thesis},
  MRNUMBER = {3078387},
       URL =
              {http://gateway.proquest.com.colorado.idm.oclc.org/openurl?url_ver=Z39.88-2004&rft_val_fmt=info:ofi/fmt:kev:mtx:dissertation&res_dat=xri:pqm&rft_dat=xri:pqdiss:3520678},
}
@MISC{uacalc,
 AUTHOR =      {Ralph Freese and Emil Kiss and Matthew Valeriote},
 TITLE =       {Universal {A}lgebra {C}alculator},
 YEAR =        {2008},
 URL =         {http://www.uacalc.org},
}
@manual{GAP4,
    key          = "GAP",
    organization = "The GAP Group",
    title        = "{GAP -- Groups, Algorithms, and Programming,
                    Ver.~4.4.12}",
    year         = 2008,
    url          ={http://www.gap-system.org}
    }

@article {MR3239624,
    AUTHOR = {Valeriote, M. and Willard, R.},
     TITLE = {Idempotent {$n$}-permutable varieties},
   JOURNAL = {Bull. Lond. Math. Soc.},
  FJOURNAL = {Bulletin of the London Mathematical Society},
    VOLUME = {46},
      YEAR = {2014},
    NUMBER = {4},
     PAGES = {870--880},
      ISSN = {0024-6093},
   MRCLASS = {08A05 (06F99 68Q25)},
  MRNUMBER = {3239624},
       DOI = {10.1112/blms/bdu044},
       URL = {http://dx.doi.org/10.1112/blms/bdu044},
}
@article {MR3449235,
    AUTHOR = {Kearnes, Keith and Szendrei, {\'A}gnes and Willard, Ross},
     TITLE = {A finite basis theorem for difference-term varieties with a
              finite residual bound},
   JOURNAL = {Trans. Amer. Math. Soc.},
  FJOURNAL = {Transactions of the American Mathematical Society},
    VOLUME = {368},
      YEAR = {2016},
    NUMBER = {3},
     PAGES = {2115--2143},
      ISSN = {0002-9947},
   MRCLASS = {03C05 (08B05 08B10)},
  MRNUMBER = {3449235},
       DOI = {10.1090/tran/6509},
       URL = {http://dx.doi.org/10.1090/tran/6509},
}
@article {MR1663558,
    AUTHOR = {Kearnes, Keith A. and Szendrei, {\'A}gnes},
     TITLE = {The relationship between two commutators},
   JOURNAL = {Internat. J. Algebra Comput.},
  FJOURNAL = {International Journal of Algebra and Computation},
    VOLUME = {8},
      YEAR = {1998},
    NUMBER = {4},
     PAGES = {497--531},
      ISSN = {0218-1967},
   MRCLASS = {08A05 (08A30)},
  MRNUMBER = {1663558},
MRREVIEWER = {M. G. Stone},
       DOI = {10.1142/S0218196798000247},
       URL = {http://dx.doi.org/10.1142/S0218196798000247},
}
@article{KSW,
author = {Kearnes, Keith A. and Szendrei, {\'{A}}gnes and Willard, Ross and Kearnes, Keith A.},
doi = {10.1007/s00012-017-0475-7},
issn = {00025240},
journal = {Algebra Universalis},
number = {4},
pages = {555--561},
title = {{Simpler Maltsev conditions for (weak) difference terms in locally finite varieties}},
volume = {78},
year = {2017}
}
@article {MR1358491,
    AUTHOR = {Kearnes, Keith A.},
     TITLE = {Varieties with a difference term},
   JOURNAL = {J. Algebra},
  FJOURNAL = {Journal of Algebra},
    VOLUME = {177},
      YEAR = {1995},
    NUMBER = {3},
     PAGES = {926--960},
      ISSN = {0021-8693},
     CODEN = {JALGA4},
   MRCLASS = {08B10 (08B05)},
  MRNUMBER = {1358491},
MRREVIEWER = {H. Peter Gumm},
       DOI = {10.1006/jabr.1995.1334},
       URL = {http://dx.doi.org/10.1006/jabr.1995.1334},
}
@book {MR1319815,
    AUTHOR = {Freese, Ralph and Je{\v{z}}ek, Jaroslav and Nation, J. B.},
     TITLE = {Free lattices},
    SERIES = {Mathematical Surveys and Monographs},
    VOLUME = {42},
 PUBLISHER = {American Mathematical Society, Providence, RI},
      YEAR = {1995},
     PAGES = {viii+293},
      ISBN = {0-8218-0389-1},
   MRCLASS = {06B25 (06-02 06-04 06B20 68Q25)},
  MRNUMBER = {1319815 (96c:06013)},
MRREVIEWER = {T. S. Blyth},
       DOI = {10.1090/surv/042},
       URL = {http://dx.doi.org/10.1090/surv/042},
}
@incollection {MR2328298,
    AUTHOR = {Hyland, Martin and Power, John},
     TITLE = {The category theoretic understanding of universal algebra:
              {L}awvere theories and monads},
 BOOKTITLE = {Computation, meaning, and logic: articles dedicated to
              {G}ordon {P}lotkin},
    SERIES = {Electron. Notes Theor. Comput. Sci.},
    VOLUME = {172},
     PAGES = {437--458},
 PUBLISHER = {Elsevier Sci. B. V., Amsterdam},
      YEAR = {2007},
   MRCLASS = {08C05 (18B99)},
  MRNUMBER = {2328298},
       DOI = {10.1016/j.entcs.2007.02.019},
       URL = {https://doi-org.colorado.idm.oclc.org/10.1016/j.entcs.2007.02.019},
}
@Misc{buzzard,
  OPTkey = {},
  author = {Kevin Buzzard},
  title = {Xena Project},
  howpublished = {weblog},
  OPTmonth = {},
  URL = {https://xenaproject.wordpress.com/},
  year = {2018},
  OPTnote = {},
  OPTannote = {}
}
@book{Pierce:SF,
  author = {Benjamin C. Pierce and Arthur Azevedo de Amorim
                  and Chris Casinghino and Marco Gaboardi and
                  Michael Greenberg and C\v{a}t\v{a}lin Hri\c{t}cu
                  and Vilhelm Sj\"{o}berg and Brent Yorgey},
  title = {Software Foundations},
  year = {2016},
  publisher = {Electronic textbook},
  plclub = {Yes},
  bcp = {Yes},
  keys = {poplmark,books},
  note = {Version 4.0.  \url{http://www.cis.upenn.edu/~bcpierce/sf}},
  ebook = {http://www.cis.upenn.edu/~bcpierce/sf},
  japanese = {http://proofcafe.org/sf}
}
@PhdThesis{DeMeo:2012,
author  = {DeMeo, William},
year    = {2012},
month   = {May},
title   = {Congruence lattices of finite algebras},
journal = {ProQuest Dissertations and Theses},
pages   = {125},
isbn    = {9781267500861},
language= {English},
school  = {{U}niversity of {H}awai'i at {M}\={a}noa},
eprint  = {1204.4305},
mrclass = {08A30 (06B15)},
address = {Honolulu, HI},
annote  = {Ph.D.~Thesis, 115 pages, 29 figures},
}
@Misc{Shanks,
  title =   {Open Problems in Universal Algebra,
    a Shanks workshop at Vanderbilt University},
  month =   {May},
  year =   {2015},
  note =   {\url{http://www.math.vanderbilt.edu/~moorm10/shanks/}}
}
@Misc{fg-free-lat,
  OPTkey = {},
  author = {William DeMeo and Peter Mayr and Nik Ruskuc},
  title = {A new characterization of fiber products of lattices},
  OPThowpublished = {},
  OPTmonth = {},
  URL = {https://github.com/UniversalAlgebra/fg-free-lat},
  year = {2018},
  OPTnote = {},
  OPTannote = {}
}
@Misc{fin-lat-rep,
  OPTkey = {},
  author = {William DeMeo and Ralph Freese and Peter Jipsen},
  title = {Representing finite lattices as congruence lattices of finite algebras},
  OPThowpublished = {},
  OPTmonth = {},
  URL = {https://github.com/UniversalAlgebra/fin-lat-rep},
  year = {2018},
  OPTnote = {},
  OPTannote = {}
}
@misc{william_demeo_2016_53936,
  author       = {William DeMeo and Ralph Freese},
  title        = {AlgebraFiles v1.0.1},
  month        = May,
  year         = 2016,
  doi          = {10.5281/zenodo.53936},
  url          = {http://dx.doi.org/10.5281/zenodo.53936}
}
@article{Bergman-DeMeo:2016,
  title={Universal Algebraic Methods for Constraint Satisfaction Problems},
  author={Bergman, Clifford and DeMeo, William},
  journal={CoRR: arXiv preprint},
  year={2016},
  volume={abs/1611.02867},
  URL = {https://arxiv.org/abs/1611.02867},
  archivePrefix = {arXiv},
  eprint    = {1611.02867}
}

@Article{DFV:2018,
title = {Polynomial-time tests for difference terms in idempotent varieties},
author = {DeMeo, William and Freese, Ralph and Valeriote, Matthew},
year = 2018,
journal = {Intl. J. Algebra and Computation},
note = {(to appear) preprint available at \href{https://github.com/UniversalAlgebra/term-conditions/tree/master/ijac}{github.com/UniversalAlgebra/term-conditions/}},
}
@Misc{demeo:2018-teaching,
  OPTkey = {},
  author = {William DeMeo},
  title = {Teaching Statement},
  OPThowpublished = {},
  month = {December},
  URL = {https://github.com/williamdemeo/job-app},
  OPTyear = {2018},
  OPTnote = {},
  OPTannote = {}
}
@misc{lean-ualib,
  title = {The Lean Universal Algebra Library},
  author = {William DeMeo and Siva Somayyajula},
  howpublished= {{G}it{H}ub.com},
  year = {2018},
  url = {https://github.com/UniversalAlgebra/lean-ualib}
}
@Article{boldo:2013,
  author = {S. Boldo and F. Clément and J. Filliâtre and M. Mayero and G. Melquiond and P. Weis},
  title = {Wave equation numerical resolution: A comprehensive mechanized proof of a C program},
  journal = {Journal of Automated Reasoning},
  year = {2013},
  OPTdoi = {},
  OPTkey = {},
  OPTvolume = {50},
  OPTnumber = {4},
  OPTpages = {423-456},
  OPTmonth = {},
  OPTnote = {},
  OPTannote = {}
}
@InProceedings{ harrison:2003,
  author = {J. Harrison},
  title = {Formal verification at Intel},
  OPTcrossref = {},
  OPTkey = {},
  booktitle = {Logic in Computer Science},
  pages = {45-54},
  year = {2003},
  OPTeditor = {},
  OPTvolume = {},
  OPTnumber = {},
  OPTseries = {},
  OPTaddress = {},
  OPTdoi = {},
  OPTmonth = {},
  organization = {IEEE Computer Society},
  OPTpublisher = {},
  OPTnote = {},
  OPTannote = {}
}
@InProceedings{holzl:2016},
  author = {J. H{\"o}lzl},
  title = {Formalising semantics for expected running time of probabilistic programs},
  OPTcrossref = {},
  OPTkey = {},
  booktitle = {Interactive Theorem Proving},
  pages = {475-482},
  year = {2016},
  editor = {J. C. Blanchette and S. Merz},
  volume = {9807},
  OPTnumber = {},
  series = {LNCS},
  OPTaddress = {},
  OPTdoi = {},
  OPTmonth = {},
  OPTorganization = {},
  publisher = {Springer},
  OPTnote = {},
  OPTannote = {}
}
@article{hughes:1989,
 author = {Hughes, J.},
 title = {Why Functional Programming Matters},
 journal = {Comput. J.},
 issue_date = {April 1989},
 volume = {32},
 number = {2},
 month = apr,
 year = {1989},
 issn = {0010-4620},
 pages = {98--107},
 numpages = {10},
 url = {http://dx.doi.org/10.1093/comjnl/32.2.98},
 doi = {10.1093/comjnl/32.2.98},
 acmid = {63411},
 publisher = {Oxford University Press},
 address = {Oxford, UK},
} 


@Article{hurd:2003,
  author = {J. Hurd},
  title = {Verification of the miller-rabin probabilistic primality test},
  journal = {Journal of Logic and Algebraic Programming},
  year = {2003},
  volume = {56},
  number = {1-2},
  pages = {3-21},
}
@Article{russinoff:1999,
  author = {D. M. Russinoff},
  title = {A mechanically checked proof of correctness of the AMD K5 floating point square root microcode},
  journal = {Formal Methods in System Design},
  year = {1999},
  OPTvolume = {14},
  OPTnumber = {1},
  OPTpages = {75-125},
}
@InProceedings{nipkow:2012,
  author = {T. Nipkow},
  title = {Teaching semantics with a proof assistant: No more LSD trip proofs},
  OPTcrossref = {},
  OPTkey = {},
  OPTbooktitle = {Verification, Model Checking, and Abstract Interpretation},
  pages = {24-38},
  year = {2012},
  editor = {V. Kuncak and A. Rybalchenko},
  OPTvolume = {7148},
  OPTnumber = {},
  OPTseries = {LNCS},
  OPTaddress = {},
  OPTdoi = {},
  OPTmonth = {},
  OPTorganization = {},
  publisher = {Springer},
  OPTnote = {},
  OPTannote = {}
}
@InProceedings{pierce:2009,
  author = {B. C. Pierce},
  title = {Lambda, the ultimate {T}{A}: Using a proof assistant to teach programming language foundations},
  OPTcrossref = {},
  OPTkey = {},
  booktitle = {International Conference on Functional Programming},
  pages = {121-122},
  year = {:2009},
  editor = {G. Hutton and A. P. Tolmach},
  OPTvolume = {},
  OPTnumber = {},
  OPTseries = {},
  OPTaddress = {},
  OPTdoi = {},
  OPTmonth = {},
  organization = {ACM},
  OPTpublisher = {},
  OPTnote = {},
  OPTannote = {}
}
@Misc{gonthier:2017,
  OPTkey = {},
  author = {G. Gonthier},
  OPTtitle = {Scaffolds and frames: The MathComp algebra formal library},
  howpublished = {Presented at Workshop on {C}omputer-{A}ided {M}athematical {P}roof},
  OPTmonth = {},
  OPTURL = {},
  year = {2017},
  note = {Video available at \url{https://www.newton.ac.uk/seminar/20170713090010001}},
  OPTannote = {}
}
@InProceedings{bigproof:2017,
  author = {Ursula Martin and Larry Paulson and Andrew Pitts},
  title = {Computer-aided mathematical proof},
  year = {2017},
  address = {Cambridge University},
  organization = {Isaac Newton Institute},
  url = {https://www.newton.ac.uk/event/bprw01},
  OPTvolume = {},
  OPTnumber = {},
  OPTseries = {},
  OPTdoi = {},
  OPTmonth = {July},
  OPTcrossref = {},
  OPTkey = {},
  booktitle = {Big Proof Workshop},
  OPTpages = {},
  OPTpublisher = {},
  OPTnote = {},
  OPTannote = {}
}
Workshop

Organisers: 
Workshop Theme
Proofs as constructive demonstrations of


@misc{gowers:2017,
author = {William Timothy Gowers and Natarajan Shankar and Patrick Ion}, 
year = {2017},
publisher = {Isaac Newton Institute, University of Cambridge},
month = {July},
title = {Panel on future directions for Big Proof},
note = {Panel discussion; recorded video available online},
url = {https://www.newton.ac.uk/seminar/20170714143015301},
}
@article{harris:2015,
author = {Michael Harris},
title = {Mathematician's of the Future?},
year = 2015,
url = {https://goo.gl/RjM8yd},
journal = {Slate}
}
@misc{finster:2018,
  title = {Higher Algebra in Type Theory},
  author = {Eric Finster},
  howpublished = {{G}it{H}ub.com},
  url = {https://github.com/ericfinster/higher-alg},
  year = {2018}
}
@misc{gepner:2018,
   title = {$\infty$-Operads as Analytic Monads},
   howpublished = {arXiv},
   url={https://arxiv.org/abs/1712.06469},
   author = {David Gepner and Rune Haugseng and Joachim Kock},
   year = {2017},
}
@article {MR1173632,
    AUTHOR = {Meinke, Karl},
     TITLE = {Universal algebra in higher types},
   JOURNAL = {Theoret. Comput. Sci.},
  FJOURNAL = {Theoretical Computer Science},
    VOLUME = {100},
      YEAR = {1992},
    NUMBER = {2},
     PAGES = {385--417},
      ISSN = {0304-3975},
   MRCLASS = {03C85 (03C05 08A70 68Q55)},
  MRNUMBER = {1173632},
MRREVIEWER = {S. Comer},
       DOI = {10.1016/0304-3975(92)90310-C},
}
%       URL = {https://doi-org.colorado.idm.oclc.org/10.1016/0304-3975(92)90310-C},
@inproceedings {MR3003214,
    AUTHOR = {Behrisch, Mike and Kerkhoff, Sebastian and Power, John},
     TITLE = {Category theoretic understandings of universal algebra and its
              dual: monads and {L}awvere theories, comonads and what?},
 BOOKTITLE = {Proceedings of the 28th {C}onference on the {M}athematical
              {F}oundations of {P}rogramming {S}emantics ({MFPS} {XXVIII})},
    SERIES = {Electron. Notes Theor. Comput. Sci.},
    VOLUME = {286},
     PAGES = {5--16},
 PUBLISHER = {Elsevier Sci. B. V., Amsterdam},
      YEAR = {2012},
   MRCLASS = {Expansion},
  MRNUMBER = {3003214},
       DOI = {10.1016/j.entcs.2012.08.002},
}
%       URL = {https://doi-org.colorado.idm.oclc.org/10.1016/j.entcs.2012.08.002},
@book {MR2757312,
    AUTHOR = {Ad\'{a}mek, J. and Rosick\'{y}, J. and Vitale, E. M.},
     TITLE = {Algebraic theories},
    SERIES = {Cambridge Tracts in Mathematics},
    VOLUME = {184},
      NOTE = {A categorical introduction to general algebra,
              With a foreword by F. W. Lawvere},
 PUBLISHER = {Cambridge University Press, Cambridge},
      YEAR = {2011},
     PAGES = {xviii+249},
      ISBN = {978-0-521-11922-1},
   MRCLASS = {18-02 (18C05 18C10 18C15)},
  MRNUMBER = {2757312},
MRREVIEWER = {Walter Tholen},
}
@article {MR3662915,
    AUTHOR = {Bauer, Andrej},
     TITLE = {Five stages of accepting constructive mathematics},
   JOURNAL = {Bull. Amer. Math. Soc. (N.S.)},
  FJOURNAL = {American Mathematical Society. Bulletin. New Series},
    VOLUME = {54},
      YEAR = {2017},
    NUMBER = {3},
     PAGES = {481--498},
      ISSN = {0273-0979},
   MRCLASS = {03F65},
  MRNUMBER = {3662915},
MRREVIEWER = {Daniel Abraham Romano},
       DOI = {10.1090/bull/1556},
}
%       URL = {https://doi-org.colorado.idm.oclc.org/10.1090/bull/1556},
@article {MR3725758,
    AUTHOR = {Bauer, Andrej},
     TITLE = {On fixed-point theorems in synthetic computability},
   JOURNAL = {Tbilisi Math. J.},
  FJOURNAL = {Tbilisi Mathematical Journal},
    VOLUME = {10},
      YEAR = {2017},
    NUMBER = {3},
     PAGES = {167--181},
      ISSN = {1512-0139},
   MRCLASS = {03D75 (03F65 54H25)},
  MRNUMBER = {3725758},
       DOI = {10.1515/tmj-2017-0107},
}
%       URL = {https://doi-org.colorado.idm.oclc.org/10.1515/tmj-2017-0107},
@article {MR2765040,
    AUTHOR = {Bauer, Andrej and Blanck, Jens},
     TITLE = {Canonical effective subalgebras of classical algebras as
              constructive metric completions},
   JOURNAL = {J.UCS},
  FJOURNAL = {J.UCS. Journal of Universal Computer Science},
    VOLUME = {16},
      YEAR = {2010},
    NUMBER = {18},
     PAGES = {2496--2522},
      ISSN = {0948-695X},
   MRCLASS = {03F65 (03F60)},
  MRNUMBER = {2765040},
}
@article {MR2525959,
    AUTHOR = {Bauer, Andrej and Taylor, Paul},
     TITLE = {The {D}edekind reals in abstract {S}tone duality},
   JOURNAL = {Math. Structures Comput. Sci.},
  FJOURNAL = {Mathematical Structures in Computer Science. A Journal in the
              Applications of Categorical, Algebraic and Geometric Methods
              in Computer Science},
    VOLUME = {19},
      YEAR = {2009},
    NUMBER = {4},
     PAGES = {757--838},
      ISSN = {0960-1295},
   MRCLASS = {03D78 (03B40 03F60 26A03 54A99)},
  MRNUMBER = {2525959},
       DOI = {10.1017/S0960129509007695},
}
%       URL = {https://doi-org.colorado.idm.oclc.org/10.1017/S0960129509007695},
@article {MR2855321,
    AUTHOR = {Bauer, Andrej and Le\v{s}nik, Davorin},
     TITLE = {Metric spaces in synthetic topology},
   JOURNAL = {Ann. Pure Appl. Logic},
  FJOURNAL = {Annals of Pure and Applied Logic},
    VOLUME = {163},
      YEAR = {2012},
    NUMBER = {2},
     PAGES = {87--100},
      ISSN = {0168-0072},
   MRCLASS = {54E35 (26E40)},
  MRNUMBER = {2855321},
       DOI = {10.1016/j.apal.2011.06.017},
}
%       URL = {https://doi-org.colorado.idm.oclc.org/10.1016/j.apal.2011.06.017},
@article {MR3233442,
    AUTHOR = {Bauer, Andrej and Plotkin, Gordon D. and Scott, Dana S.},
     TITLE = {Cartesian closed categories of separable {S}cott domains},
   JOURNAL = {Theoret. Comput. Sci.},
  FJOURNAL = {Theoretical Computer Science},
    VOLUME = {546},
      YEAR = {2014},
     PAGES = {17--29},
      ISSN = {0304-3975},
   MRCLASS = {68Q55 (03B40)},
  MRNUMBER = {3233442},
MRREVIEWER = {Xiaoyong Xi},
       DOI = {10.1016/j.tcs.2014.02.042},
}
%       URL = {https://doi-org.colorado.idm.oclc.org/10.1016/j.tcs.2014.02.042},
@article {MR1344959,
    AUTHOR = {Pa{\l}asi{\'n}ska, K. and Pigozzi, D.},
     TITLE = {Gentzen-style axiomatizations in equational logic},
   JOURNAL = {Algebra Universalis},
  FJOURNAL = {Algebra Universalis},
    VOLUME = {34},
      YEAR = {1995},
    NUMBER = {1},
     PAGES = {128--143},
      ISSN = {0002-5240},
     CODEN = {AGUVA3},
   MRCLASS = {08B05 (03F07)},
  MRNUMBER = {1344959 (96h:08008)},
MRREVIEWER = {S. Comer},
       DOI = {10.1007/BF01200495},
       URL = {http://dx.doi.org/10.1007/BF01200495},
}
@article {MR1321662,
    AUTHOR = {Pigozzi, Don and Salibra, Antonino},
     TITLE = {Lambda abstraction algebras: representation theorems},
      NOTE = {Selected papers of AMAST '93 (Enschede, 1993)},
   JOURNAL = {Theoret. Comput. Sci.},
  FJOURNAL = {Theoretical Computer Science},
    VOLUME = {140},
      YEAR = {1995},
    NUMBER = {1},
     PAGES = {5--52},
      ISSN = {0304-3975},
     CODEN = {TCSDI},
   MRCLASS = {68Q65 (03B40 03G25)},
  MRNUMBER = {1321662 (96b:68123)},
MRREVIEWER = {Martin W. Bunder},
       DOI = {10.1016/0304-3975(94)00203-U},
       URL = {http://dx.doi.org/10.1016/0304-3975(94)00203-U},
}
@article {MR1249550,
    AUTHOR = {Scott, Dana S.},
     TITLE = {A type-theoretical alternative to {ISWIM}, {CUCH}, {OWHY}},
      NOTE = {A collection of contributions in honour of Corrado B{\"o}hm on
              the occasion of his 70th birthday},
   JOURNAL = {Theoret. Comput. Sci.},
  FJOURNAL = {Theoretical Computer Science},
    VOLUME = {121},
      YEAR = {1993},
    NUMBER = {1-2},
     PAGES = {411--440},
      ISSN = {0304-3975},
     CODEN = {TCSDI},
   MRCLASS = {03B40 (03D75)},
  MRNUMBER = {1249550 (95d:03014)},
MRREVIEWER = {M. S. Burgin},
       DOI = {10.1016/0304-3975(93)90095-B},
       URL = {http://dx.doi.org/10.1016/0304-3975(93)90095-B},
}
@article{zhuk:2017,
  author    = {Dmitriy Zhuk},
  title     = {The Proof of {CSP} Dichotomy Conjecture},
  journal   = {CoRR arXiv},
  volume    = {abs/1704.01914},
  year      = {2017},
  url       = {http://arxiv.org/abs/1704.01914},
  archivePrefix = {arXiv},
  eprint    = {1704.01914},
  timestamp = {Mon, 13 Aug 2018 16:48:10 +0200},
  biburl    = {https://dblp.org/rec/bib/journals/corr/Zhuk17},
  bibsource = {dblp computer science bibliography, https://dblp.org}
}
@Article{heule:2017,
  author = {M. J. H. Heule and O. Kullmann},
  title = {The science of brute force},
  journal = {Communications of the ACM},
  year = {2017},
  volume = {60},
  number = {8},
  pages = {70--79},
}
@Misc{rehmeyer:2013,
  author = {Rehmeyer, J.},
  title = {Voevodsky's mathematical revolution},
  howpublished = {Scientific American Blogs},
  URL = {http://blogs.scientificamerican.com/guest-blog/},
  year = {2013}
}


@Article{avigad:2014,
  author = {J. Avigad and J. Harrison},
  title = {Formally verified mathematics},
  journal = {Communications of the ACM},
  year = {2014},
  volume = {57},
  number = {4},
  pages = {66--75}
},
@incollection {MR2678760,
    AUTHOR = {Spitters, Bas and van der Weegen, Eelis},
     TITLE = {Developing the algebraic hierarchy with type classes in {C}oq},
 BOOKTITLE = {Interactive theorem proving},
    SERIES = {Lecture Notes in Comput. Sci.},
    VOLUME = {6172},
     PAGES = {490--493},
 PUBLISHER = {Springer, Berlin},
      YEAR = {2010},
   MRCLASS = {Indexed},
  MRNUMBER = {2678760},
       DOI = {10.1007/978-3-642-14052-5_35},
       URL = {http://dx.doi.org/10.1007/978-3-642-14052-5_35},
}
@incollection {capretta:1999,
    AUTHOR = {Capretta, Venanzio},
     TITLE = {Universal algebra in type theory},
 BOOKTITLE = {Theorem proving in higher order logics ({N}ice, 1999)},
    SERIES = {Lecture Notes in Comput. Sci.},
    VOLUME = {1690},
     PAGES = {131--148},
 PUBLISHER = {Springer, Berlin},
      YEAR = {1999},
   MRCLASS = {03B15 (08A70 68T15)},
  MRNUMBER = {1850497},
       DOI = {10.1007/3-540-48256-3_10},
       URL = {http://dx.doi.org/10.1007/3-540-48256-3_10},
}
@incollection {MR2962717,
    AUTHOR = {Awodey, Steve},
     TITLE = {Type theory and homotopy},
 BOOKTITLE = {Epistemology versus ontology},
    SERIES = {Log. Epistemol. Unity Sci.},
    VOLUME = {27},
     PAGES = {183--201},
 PUBLISHER = {Springer, Dordrecht},
      YEAR = {2012},
   MRCLASS = {03B15 (18B99 55P99)},
  MRNUMBER = {2962717},
MRREVIEWER = {Florian Rabe},
       DOI = {10.1007/978-94-007-4435-6_9},
}
%       URL = {https://doi-org.colorado.idm.oclc.org/10.1007/978-94-007-4435-6_9},
@article {MR3718212,
    AUTHOR = {Avigad, Jeremy and H\"{o}lzl, Johannes and Serafin, Luke},
     TITLE = {A formally verified proof of the central limit theorem},
   JOURNAL = {J. Automat. Reason.},
  FJOURNAL = {Journal of Automated Reasoning},
    VOLUME = {59},
      YEAR = {2017},
    NUMBER = {4},
     PAGES = {389--423},
      ISSN = {0168-7433},
   MRCLASS = {68T15 (03B35 60F05)},
  MRNUMBER = {3718212},
       DOI = {10.1007/s10817-017-9404-x},
}
%       URL = {https://doi-org.colorado.idm.oclc.org/10.1007/s10817-017-9404-x},

@article {MR1985376,
    AUTHOR = {Barthe, Gilles and Capretta, Venanzio and Pons, Olivier},
     TITLE = {Setoids in type theory},
      NOTE = {Special issue on ``Logical frameworks and metalanguages''},
   JOURNAL = {J. Funct. Programming},
  FJOURNAL = {Journal of Functional Programming},
    VOLUME = {13},
      YEAR = {2003},
    NUMBER = {2},
     PAGES = {261--293},
      ISSN = {0956-7968},
   MRCLASS = {03B35 (03B15)},
  MRNUMBER = {1985376},
MRREVIEWER = {Carsten Butz},
       DOI = {10.1017/S0956796802004501},
       URL = {http://dx.doi.org/10.1017/S0956796802004501},
}

@article{PolletKerber:2007,
title = "Informal and formal representations in mathematics",
author = "M. Pollet and Manfred Kerber",
year = "2007",
month = "1",
day = "1",
language = "English",
volume = "10",
pages = "75--94",
journal = "Studies in Logic, Grammar and Rhetoric: From Insight to Proof: Festschrift in Honour of Andrzej Trybulec",
number = "23",
}
@Misc{demoura:2015,
  author = {Leonardo de Moura},
  title = {Lost in Translation: how easy problems become hard due to bad encodings},
  OPThowpublished = {25th International Conference on Automated Deduction},
  OPTmonth = {},
  URL = {https://conference.imp.fu-berlin.de/cade-25/download/2015_vampire_de_moura.pdf},
  year = {2015},
  OPTnote = {},
  OPTannote = {}
}
@Book{hottbook,
  author =    {The {Univalent Foundations Program}},
  title =     {Homotopy Type Theory: Univalent Foundations of Mathematics},
  publisher = {\url{https://homotopytypetheory.org/book}},
  address =   {Institute for Advanced Study},
  year =      2013}
@incollection {MR3396201,
    AUTHOR = {Altenkirch, Thorsten and Li, Nuo and Ryp\'a\v cek, Ond\v rej},
     TITLE = {Some constructions on {$\omega$}-groupoids},
 BOOKTITLE = {L{FMTP} 2014---{P}roceedings of the {N}inth {I}nternational
              {W}orkshop on {L}ogical {F}rameworks and {M}eta-{L}anguages:
              {T}heory and {P}ractice},
     PAGES = {Article No. 4, 8},
 PUBLISHER = {ACM, New York},
      YEAR = {2014},
   MRCLASS = {03B15 (18Dxx 55U35)},
  MRNUMBER = {3396201},
}
@incollection {MR2163416,
    AUTHOR = {Abbott, Michael and Altenkirch, Thorsten and Ghani, Neil and
              McBride, Conor},
     TITLE = {Constructing polymorphic programs with quotient types},
 BOOKTITLE = {Mathematics of program construction},
    SERIES = {Lecture Notes in Comput. Sci.},
    VOLUME = {3125},
     PAGES = {2--15},
 PUBLISHER = {Springer, Berlin},
      YEAR = {2004},
   MRCLASS = {68N15 (18A40 68Q65)},
  MRNUMBER = {2163416},
       DOI = {10.1007/978-3-540-27764-4_2},
       URL = {http://dx.doi.org/10.1007/978-3-540-27764-4_2},
}
@book{NPS:1990,
title = {Programming in {M}artin-{L}{\"o}f's Type Theory},
author = {Nordstr{\"o}m and Petersson and Smith},
year = {1990},
url = {http://www.cse.chalmers.se/research/group/logic/book/}
}
@inproceedings{Norell:2009,
 author = {Norell, Ulf},
 title = {Dependently Typed Programming in Agda},
 booktitle = {Proceedings of the 6th International Conference on Advanced Functional Programming},
 series = {AFP'08},
 year = {2009},
 isbn = {3-642-04651-7, 978-3-642-04651-3},
 location = {Heijen, The Netherlands},
 pages = {230--266},
 numpages = {37},
 url = {http://dl.acm.org/citation.cfm?id=1813347.1813352},
 acmid = {1813352},
 publisher = {Springer-Verlag},
 address = {Berlin, Heidelberg},
} 
@incollection {gonthier:2013b,
  AUTHOR = {Gonthier, Georges and Asperti, Andrea and Avigad, Jeremy and
            et al.},
   TITLE = {A machine-checked proof of the odd order theorem},
BOOKTITLE = {Interactive theorem proving},
  SERIES = {Lecture Notes in Comput. Sci.},
  VOLUME = {7998},
   PAGES = {163--179},
PUBLISHER = {Springer, Heidelberg},
    YEAR = {2013},
 MRCLASS = {Expansion},
MRNUMBER = {3111271},
     DOI = {10.1007/978-3-642-39634-2_14},
}
%     URL = {https://doi-org.colorado.idm.oclc.org/10.1007/978-3-642-39634-2_14},
@inproceedings{gonthier:2013a,
  TITLE = {A Machine-Checked Proof of the Odd Order Theorem},
  AUTHOR = {Gonthier, Georges and Asperti, Andrea and Avigad, Jeremy and Bertot, Yves and Cohen, Cyril and Garillot, Fran{\c c}ois and Le Roux, St{\'e}phane and Mahboubi, Assia and O'Connor, Russell and Ould Biha, Sidi and Pasca, Ioana and Rideau, Laurence and Solovyev, Alexey and Tassi, Enrico and Th{\'e}ry, Laurent},
  URL = {https://hal.inria.fr/hal-00816699},
  BOOKTITLE = {{ITP 2013, 4th Conference on Interactive Theorem Proving}},
  ADDRESS = {Rennes, France},
  EDITOR = {Sandrine Blazy and Christine Paulin and David Pichardie},
  PUBLISHER = {{Springer}},
  SERIES = {LNCS},
  VOLUME = {7998},
  PAGES = {163-179},
  YEAR = {2013},
  MONTH = Jul,
  DOI = {10.1007/978-3-642-39634-2\_14},
  PDF = {https://hal.inria.fr/hal-00816699/file/main.pdf},
  HAL_ID = {hal-00816699},
  HAL_VERSION = {v1},
}

%% [48] R.  and P. Rudnicki. Mizar: The first 30 years. , 
@Article{mizar:2005,
  author = {R. Matuszewski and P. Rudnicki},
  title = {Mizar: The first 30 years},
  journal = {Mechanized Mathematics and Its Applications},
  year = {2005},
  OPTdoi = {},
  OPTkey = {},
  volume = {4},
  number = {1},
  pages = {3-24},
  OPTmonth = {},
  OPTnote = {},
  OPTannote = {}
}

@Article{Wiedijk:2009,
  author="Wiedijk, Freek",
  title="Formalizing Arrow's theorem",
  journal="Sadhana",
  year="2009",
  month="Feb",
  day="01",
  volume="34",
  number="1",
  pages="193--220",
  abstract="A small project in which I encoded a proof of Arrow's theorem---probably the most famous results in the economics field of social choice theory---in the computer using the Mizar system is presented here. The details of this specific project, as well as the process of formalization (encoding proofs in the computer) in general are discussed.",
  issn="0973-7677",
  doi="10.1007/s12046-009-0005-1",
  url="https://doi.org/10.1007/s12046-009-0005-1"
  }
    @book{nederpelt:1994,
  title={Selected Papers on Automath},
  author={Nederpelt, R.P. and Geuvers, J.H. and de Vrijer, R.C.},
  isbn={9780080887180},
  series={Studies in Logic and the Foundations of Mathematics},
  url={https://books.google.com/books?id=6pObdqwF0coC},
  year={1994},
  publisher={Elsevier Science}
}
  @book {MR1694820,
  AUTHOR = {Taylor, Paul},
   TITLE = {Practical foundations of mathematics},
  SERIES = {Cambridge Studies in Advanced Mathematics},
  VOLUME = {59},
PUBLISHER = {Cambridge University Press, Cambridge},
    YEAR = {1999},
   PAGES = {xii+572},
    ISBN = {0-521-63107-6},
 MRCLASS = {03-02 (00A30 03B15 03B40 03G30 18-02)},
MRNUMBER = {1694820},
}
@misc{lean,
  title = {The Lean Theorem Proving Language},
  author = {Jeremy Avigad and Mario Carneiro and Leonardo de Moura and Johannes H{\"o}lzl and Sebastian Ullrich},
  howpublished= {{G}it{H}ub.com},
  year = {2018},
  url = {https://leanprover.github.io/}
}
@misc{lean-mathlib:2018,
    author = {Jeremy Avigad and Mario Carneiro and Johannes H{\"o}lzl},
    title = {The Lean Mathematical Components Library (mathlib)},
    year = {2018},
    howpublished= {{G}it{H}ub.com},
    url = {https://github.com/leanprover/mathlib}
  }
@misc{nuprl:1979,
  author = {Robert L. Constable and Joseph L. Bates},
  title = {PRL Project: Proof/Program Refinement Logic},
  year = {1979},
  url= {http://www.nuprl.org/}
  }
@inproceedings {blanchette:2015,
AUTHOR =  {J. C. Blanchette and M. Haslbeck and D. Matichuk and T. Nipkow},
TITLE = {Mining the Archive of Formal Proofs},
booktitle = {Conference on Intelligent Computer Mathematics},
YEAR = 2015,
SERIES = {Lecture Notes in Comput. Sci.},
editor =  {M. Kerber}
}

@misc {blanchette:2018,
AUTHOR =  {J. C. Blanchette},
title = {Lean Forward: Usable Computer-Checked Proofs and
Computations for Number Theorists},
howpublished = {{G}it{H}ub.com}, 
url = {https://lean-forward.github.io/},
YEAR = 2018,
}

@article {MR3543235,
    AUTHOR = {Blanchette, Jasmin Christian and Greenaway, David and
              Kaliszyk, Cezary and K\"{u}hlwein, Daniel and Urban, Josef},
     TITLE = {A learning-based fact selector for {I}sabelle/{HOL}},
   JOURNAL = {J. Automat. Reason.},
  FJOURNAL = {Journal of Automated Reasoning},
    VOLUME = {57},
      YEAR = {2016},
    NUMBER = {3},
     PAGES = {219--244},
      ISSN = {0168-7433},
   MRCLASS = {68T15 (68T05)},
  MRNUMBER = {3543235},
       DOI = {10.1007/s10817-016-9362-8},
}
%       URL = {https://doi-org.colorado.idm.oclc.org/10.1007/s10817-016-9362-8},

@inproceedings {demoura:2017,
AUTHOR =  {G. Ebner and S. Ullrich and J. Roesch and J. Avigad and L. de Moura},
TITLE = {A metaprogramming framework for formal verification},
booktitle = {In International Conference on Functional Programming (ICFP 2017)},
PAGES = {34:1–34:29},
YEAR = 2017,
ORGANIZATION = ACM
}
@incollection {MR2458080,
    AUTHOR = {de Moura, Leonardo and Bj{\o}rner, Nikolaj},
     TITLE = {Efficient {E}-matching for {SMT} solvers},
 BOOKTITLE = {Automated deduction---{CADE}-21},
    SERIES = {Lecture Notes in Comput. Sci.},
    VOLUME = {4603},
     PAGES = {183--198},
 PUBLISHER = {Springer, Berlin},
      YEAR = {2007},
   MRCLASS = {68T15 (03B35)},
  MRNUMBER = {2458080},
       DOI = {10.1007/978-3-540-73595-3_13},
}
%       URL = {https://doi-org.colorado.idm.oclc.org/10.1007/978-3-540-73595-3_13},
@incollection {MR3536762,
    AUTHOR = {Selsam, Daniel and de Moura, Leonardo},
     TITLE = {Congruence closure in intensional type theory},
 BOOKTITLE = {Automated reasoning},
    SERIES = {Lecture Notes in Comput. Sci.},
    VOLUME = {9706},
     PAGES = {99--115},
 PUBLISHER = {Springer, [Cham]},
      YEAR = {2016},
   MRCLASS = {68N18},
  MRNUMBER = {3536762},
       DOI = {10.1007/978-3-319-40229-1_8},
}
%       URL = {https://doi-org.colorado.idm.oclc.org/10.1007/978-3-319-40229-1_8},
@misc{baueroplss:2018,
  author =    {Andrej Bauer},
  title =     {Algebraic Effects and Handlers},
  howpublished = {OPLSS 2018},
  year =      {2018},
  month =     {June},
  note =      {Lecture notes available at: \url{https://github.com/OPLSS/introduction-to-algebraic-effects-and-handlers};
                Recorded lecture available at: \url{https://youtu.be/atYp386EGo8}}
}
@book{chiusano:2014,
  title={Functional Programming in Scala},
  author={Chiusano, P. and Bjarnason, R.},
  isbn={9781617290657},
  lccn={2014469423},
  url={https://books.google.com/books?id=bmTRlwEACAAJ},
  year={2014},
  publisher={Manning Publications}
}
@article {MR1730396,
    AUTHOR = {Bertoli, P. G. and Calmet, J. and Giunchiglia, F. and Homann, K.},
     TITLE = {Specification and integration of theorem provers and computer algebra systems},
      NOTE = {Symbolic computation and related topics in artificial
              intelligence (Plattsburg, NY, 1998)},
   JOURNAL = {Fund. Inform.},
  FJOURNAL = {Fundamenta Informaticae},
    VOLUME = {39},
      YEAR = {1999},
    NUMBER = {1-2},
     PAGES = {39--57},
      ISSN = {0169-2968},
   MRCLASS = {68T15 (68W30)},
  MRNUMBER = {1730396},
}
@article {MR1656868,
    AUTHOR = {Harrison, John and Th\'{e}ry, L.},
     TITLE = {A skeptic's approach to combining {HOL} and {M}aple},
   JOURNAL = {J. Automat. Reason.},
  FJOURNAL = {Journal of Automated Reasoning},
    VOLUME = {21},
      YEAR = {1998},
    NUMBER = {3},
     PAGES = {279--294},
      ISSN = {0168-7433},
   MRCLASS = {68T15 (68Q40)},
  MRNUMBER = {1656868},
       DOI = {10.1023/A:1006023127567},
}
%       URL = {https://doi-org.colorado.idm.oclc.org/10.1023/A:1006023127567},
@article {MR3806496,
    AUTHOR = {Bancerek, Grzegorz and Byli\'{n}ski, Czes{\l}aw and Grabowski, Adam
              and Korni{\l}owicz, Artur and Matuszewski, Roman and Naumowicz, Adam and Polhkak, Karol},
     TITLE = {The role of the {M}izar mathematical library for interactive
              proof development in {M}izar},
   JOURNAL = {J. Automat. Reason.},
  FJOURNAL = {Journal of Automated Reasoning},
    VOLUME = {61},
      YEAR = {2018},
    NUMBER = {1-4},
     PAGES = {9--32},
      ISSN = {0168-7433},
   MRCLASS = {68T15 (03B35)},
  MRNUMBER = {3806496},
       DOI = {10.1007/s10817-017-9440-6},
}
%       URL = {https://doi-org.colorado.idm.oclc.org/10.1007/s10817-017-9440-6},
@incollection {MR1429396,
    AUTHOR = {Nederpelt, R. P. and Geuvers, J. H.},
     TITLE = {Twenty-five years of {A}utomath research},
 BOOKTITLE = {Selected papers on {A}utomath},
    SERIES = {Stud. Logic Found. Math.},
    VOLUME = {133},
     PAGES = {3--54},
 PUBLISHER = {North-Holland, Amsterdam},
      YEAR = {1994},
   MRCLASS = {03-02 (03B35 03B40)},
  MRNUMBER = {1429396},
       DOI = {10.1016/S0049-237X(08)70198-8},
}
%       URL = {https://doi-org.colorado.idm.oclc.org/10.1016/S0049-237X(08)70198-8},
@article {MR2559087,
    AUTHOR = {Leroy, Xavier},
     TITLE = {A formally verified compiler back-end},
   JOURNAL = {J. Automat. Reason.},
  FJOURNAL = {Journal of Automated Reasoning},
    VOLUME = {43},
      YEAR = {2009},
    NUMBER = {4},
     PAGES = {363--446},
      ISSN = {0168-7433},
   MRCLASS = {68T15 (68N20)},
  MRNUMBER = {2559087},
       DOI = {10.1007/s10817-009-9155-4},
}
%       URL = {https://doi-org.colorado.idm.oclc.org/10.1007/s10817-009-9155-4},
@article {MR3659768,
    AUTHOR = {Hales, et al, Thomas},
     TITLE = {A formal proof of the {K}epler conjecture},
   JOURNAL = {Forum Math. Pi},
  FJOURNAL = {Forum of Mathematics. Pi},
    VOLUME = {5},
      YEAR = {2017},
     PAGES = {e2, 29},
      ISSN = {2050-5086},
   MRCLASS = {52C17},
  MRNUMBER = {3659768},
       DOI = {10.1017/fmp.2017.1},
}
%       URL = {https://doi-org.colorado.idm.oclc.org/10.1017/fmp.2017.1},
  @book{vanLeeuwen:1991A,
 editor = {van Leeuwen, Jan},
 title = {Handbook of Theoretical Computer Science (Vol. A): Algorithms and Complexity},
 year = {1990},
 isbn = {0-444-88071-2},
 publisher = {MIT Press},
 address = {Cambridge, MA, USA},
} 
@book{vanLeeuwen:1991B,
 editor = {van Leeuwen, Jan},
 title = {Handbook of Theoretical Computer Science (Vol. B): Formal Models and Semantics},
 year = {1990},
 isbn = {0-444-88074-7},
 source = {Set price for both volumes: \$250},
 publisher = {MIT Press},
 address = {Cambridge, MA, USA},
} 
@article{MR2463991,
    AUTHOR = {Gonthier, Georges},
     TITLE = {Formal proof---the four-color theorem},
   JOURNAL = {Notices Amer. Math. Soc.},
  FJOURNAL = {Notices of the American Mathematical Society},
    VOLUME = {55},
      YEAR = {2008},
    NUMBER = {11},
     PAGES = {1382--1393},
      ISSN = {0002-9920},
     CODEN = {AMNOAN},
   MRCLASS = {05C15 (68T15)},
  MRNUMBER = {2463991 (2009j:05079)},
MRREVIEWER = {Solomon Marcus},
}
@book{MR769301,
    AUTHOR = {Martin-L{\"o}f, Per},
     TITLE = {Intuitionistic type theory},
    SERIES = {Studies in Proof Theory. Lecture Notes},
    VOLUME = {1},
      NOTE = {Notes by Giovanni Sambin},
 PUBLISHER = {Bibliopolis, Naples},
      YEAR = {1984},
     PAGES = {iv+91},
      ISBN = {88-7088-105-9},
   MRCLASS = {03B15 (03F50 03F55)},
  MRNUMBER = {769301 (86j:03005)},
MRREVIEWER = {M. M. Richter},
}
@manual{CoqManual:2017,
author = {{Coq} {Development} {Team}, The},
title  = {The {Coq} Proof Assistant Reference Manual, version 8.7},
month  = Oct,
year   = {2017},
url    = {http://coq.inria.fr}
}
@Manual{Coq:oldmanual,
  title =        {The Coq proof assistant reference manual},
  author =       {The Coq development team},
  organization = {LogiCal Project},
  note =         {Version 8.0},
  year =         {2004},
  url =          {http://coq.inria.fr}
}
@book{MR2229784,
    AUTHOR = {Bertot, Yves and Cast{\'e}ran, Pierre},
     TITLE = {Interactive theorem proving and program development},
    SERIES = {Texts in Theoretical Computer Science. An EATCS Series},
      NOTE = {Coq'Art: the calculus of inductive constructions,
              With a foreword by G{\'e}rard Huet and Christine
              Paulin-Mohring},
 PUBLISHER = {Springer-Verlag, Berlin},
      YEAR = {2004},
     PAGES = {xxvi+469},
      ISBN = {3-540-20854-2},
   MRCLASS = {68-01 (03B35 68T15)},
  MRNUMBER = {2229784 (2007i:68001)},
       DOI = {10.1007/978-3-662-07964-5},
       URL = {http://dx.doi.org/10.1007/978-3-662-07964-5},
}
@article{MR935892,
    AUTHOR = {Coquand, Thierry and Huet, G{\'e}rard},
     TITLE = {The calculus of constructions},
   JOURNAL = {Inform. and Comput.},
  FJOURNAL = {Information and Computation},
    VOLUME = {76},
      YEAR = {1988},
    NUMBER = {2-3},
     PAGES = {95--120},
      ISSN = {0890-5401},
   MRCLASS = {68Q55 (03B15 03B35 03B40 03B70)},
  MRNUMBER = {935892 (89j:68096)},
MRREVIEWER = {R. P. Nederpelt},
       DOI = {10.1016/0890-5401(88)90005-3},
       URL = {http://dx.doi.org/10.1016/0890-5401(88)90005-3},
}
@article {Palfy:1980,
    AUTHOR = {P{\'a}lfy, P{\'e}ter P{\'a}l and Pudl{\'a}k, Pavel},
     TITLE = {Congruence lattices of finite algebras and intervals in
              subgroup lattices of finite groups},
   JOURNAL = {Algebra Universalis},
  FJOURNAL = {Algebra Universalis},
    VOLUME = {11},
      YEAR = {1980},
    NUMBER = {1},
     PAGES = {22--27},
      ISSN = {0002-5240},
   MRCLASS = {08A30 (06B15 08A60 20E15)},
  MRNUMBER = {593011 (82g:08003)},
MRREVIEWER = {Ralph Freese},
DOI = {10.1007/BF02483080}
}
@article {MR3076179,
    AUTHOR = {Kearnes, Keith A. and Kiss, Emil W.},
     TITLE = {The shape of congruence lattices},
   JOURNAL = {Mem. Amer. Math. Soc.},
  FJOURNAL = {Memoirs of the American Mathematical Society},
    VOLUME = {222},
      YEAR = {2013},
    NUMBER = {1046},
     PAGES = {viii+169},
      ISSN = {0065-9266},
      ISBN = {978-0-8218-8323-5},
   MRCLASS = {08B05 (08B10)},
  MRNUMBER = {3076179},
MRREVIEWER = {James B. Nation},
       DOI = {10.1090/S0065-9266-2012-00667-8},
       URL = {http://dx.doi.org/10.1090/S0065-9266-2012-00667-8},
}
  @article {Freese:2009,
    AUTHOR = {Freese, Ralph and Valeriote, Matthew A.},
    TITLE = {On the complexity of some {M}altsev conditions},
    JOURNAL = {Internat. J. Algebra Comput.},
    FJOURNAL = {International Journal of Algebra and Computation},
    VOLUME = {19},
    YEAR = {2009},
    NUMBER = {1},
    PAGES = {41--77},
    ISSN = {0218-1967},
    MRCLASS = {08B05 (03C05 08B10 68Q25)},
    MRNUMBER = {2494469 (2010a:08008)},
    MRREVIEWER = {Clifford H. Bergman},
    DOI = {10.1142/S0218196709004956},
    URL = {http://dx.doi.org/10.1142/S0218196709004956}
  }
@book {MR2839398,
    AUTHOR = {Bergman, Clifford},
     TITLE = {Universal algebra},
    SERIES = {Pure and Applied Mathematics (Boca Raton)},
    VOLUME = {301},
      NOTE = {Fundamentals and selected topics},
 PUBLISHER = {CRC Press, Boca Raton, FL},
      YEAR = {2012},
     PAGES = {xii+308},
      ISBN = {978-1-4398-5129-6},
   MRCLASS = {08-02 (06-02 08A40 08B05 08B10 08B26)},
  MRNUMBER = {2839398 (2012k:08001)},
MRREVIEWER = {Konrad P. Pi{\'o}ro},
}
@article {MR3350338,
    AUTHOR = {Bergman, Clifford and Failing, David},
    TITLE = {Commutative idempotent groupoids and the constraint
      satisfaction problem},
    JOURNAL = {Algebra Universalis},
    FJOURNAL = {Algebra Universalis},
    VOLUME = {73},
    YEAR = {2015},
    NUMBER = {3-4},
    PAGES = {391--417},
    ISSN = {0002-5240},
    MRCLASS = {08A70 (08B25 68Q25)},
    MRNUMBER = {3350338},
    DOI = {10.1007/s00012-015-0323-6},
    URL = {http://dx.doi.org/10.1007/s00012-015-0323-6},
  }
@book {Neumann:1967,
    AUTHOR = {Neumann, Hanna},
     TITLE = {Varieties of groups},
 PUBLISHER = {Springer-Verlag New York, Inc., New York},
      YEAR = {1967},
     PAGES = {x+192},
   MRCLASS = {20.08 (08.00)},
  MRNUMBER = {0215899 (35 \#6734)},
MRREVIEWER = {I. D. Macdonald},
}
@preamble{
   "\def\cprime{$'$} "
}
@article {Malcev:1967,
    AUTHOR = {Mal{\cprime}cev, A. I.},
     TITLE = {Multiplication of classes of algebraic systems},
   JOURNAL = {Sibirsk. Mat. \v Z.},
  FJOURNAL = {Akademija Nauk SSSR. Sibirskoe Otdelenie. Sibirski\u\i\
              Matemati\v ceski\u\i\ \v Zurnal},
    VOLUME = {8},
      YEAR = {1967},
     PAGES = {346--365},
      ISSN = {0037-4474},
   MRCLASS = {08.30},
  MRNUMBER = {0213276 (35 \#4140)},
MRREVIEWER = {R. S. Pierce},
}
@unpublished{TreeOnTop,
    AUTHOR = {Mar{\'o}ti, Mikl{\'o}},
     TITLE = {The calculus of constructions},
   JOURNAL = {Inform. and Comput.},
  FJOURNAL = {Information and Computation},
    VOLUME = {76},
      YEAR = {1988},
    NUMBER = {2-3},
     PAGES = {95--120},
      ISSN = {0890-5401},
   MRCLASS = {68Q55 (03B15 03B35 03B40 03B70)},
  MRNUMBER = {935892 (89j:68096)},
MRREVIEWER = {R. P. Nederpelt},
       DOI = {10.1016/0890-5401(88)90005-3},
       URL = {http://dx.doi.org/10.1016/0890-5401(88)90005-3},
}
@article{MR911575,
    AUTHOR = {Szendrei, {\'A}gnes},
     TITLE = {Idempotent algebras with restrictions on subalgebras},
   JOURNAL = {Acta Sci. Math. (Szeged)},
  FJOURNAL = {Acta Universitatis Szegediensis. Acta Scientiarum
              Mathematicarum},
    VOLUME = {51},
      YEAR = {1987},
    NUMBER = {1-2},
     PAGES = {251--268},
      ISSN = {0001-6969},
     CODEN = {ASMCBP},
   MRCLASS = {08A40},
  MRNUMBER = {911575 (89d:08005)},
MRREVIEWER = {David M. Clark}
}
@article{MR2333368,
    AUTHOR = {Kearnes, Keith A. and Tschantz, Steven T.},
     TITLE = {Automorphism groups of squares and of free algebras},
   JOURNAL = {Internat. J. Algebra Comput.},
  FJOURNAL = {International Journal of Algebra and Computation},
    VOLUME = {17},
      YEAR = {2007},
    NUMBER = {3},
     PAGES = {461--505},
      ISSN = {0218-1967},
   MRCLASS = {08A35 (08B20 20B25)},
  MRNUMBER = {2333368 (2008f:08003)},
MRREVIEWER = {Giovanni Ferrero},
       DOI = {10.1142/S0218196707003615},
       URL = {http://dx.doi.org/10.1142/S0218196707003615}
}
@BOOK{alvi:1987,
    AUTHOR = {McKenzie, Ralph N. and McNulty, George F. and Taylor, Walter F.},
     TITLE = {Algebras, lattices, varieties. {V}ol. {I}},
 PUBLISHER = {Wadsworth \& Brooks/Cole},
   ADDRESS = {Monterey, CA},
      YEAR = {1987},
     PAGES = {xvi+361},
      ISBN = {0-534-07651-3},
   MRCLASS = {08-01 (06-01)},
  MRNUMBER = {883644 (88e:08001)},
MRREVIEWER = {Gudrun Kalmbach},
}
@article{MR2926316,
    AUTHOR = {Markovi{\'c}, Petar and Mar{\'o}ti, Mikl{\'o}s and McKenzie,
              Ralph},
     TITLE = {Finitely related clones and algebras with cube terms},
   JOURNAL = {Order},
  FJOURNAL = {Order. A Journal on the Theory of Ordered Sets and its
              Applications},
    VOLUME = {29},
      YEAR = {2012},
    NUMBER = {2},
     PAGES = {345--359},
      ISSN = {0167-8094},
     CODEN = {ORDRE5},
   MRCLASS = {08A62 (08A99 08B05 08B10)},
  MRNUMBER = {2926316},
MRREVIEWER = {Anna Romanowska},
       DOI = {10.1007/s11083-011-9232-2},
       URL = {http://dx.doi.org/10.1007/s11083-011-9232-2},
}
@article{MR1630445,
    AUTHOR = {Feder, Tom{\'a}s and Vardi, Moshe Y.},
     TITLE = {The computational structure of monotone monadic {SNP} and
              constraint satisfaction: a study through {D}atalog and group
              theory},
   JOURNAL = {SIAM J. Comput.},
  FJOURNAL = {SIAM Journal on Computing},
    VOLUME = {28},
      YEAR = {1999},
    NUMBER = {1},
     PAGES = {57--104 (electronic)},
      ISSN = {0097-5397},
   MRCLASS = {68Q15 (03D15 68R05)},
  MRNUMBER = {1630445 (2000e:68063)},
MRREVIEWER = {A. M. Dawes},
       DOI = {10.1137/S0097539794266766},
       URL = {http://dx.doi.org/10.1137/S0097539794266766},
}
@article{MR2137072,
    AUTHOR = {Bulatov, Andrei and Jeavons, Peter and Krokhin, Andrei},
     TITLE = {Classifying the complexity of constraints using finite
              algebras},
   JOURNAL = {SIAM J. Comput.},
  FJOURNAL = {SIAM Journal on Computing},
    VOLUME = {34},
      YEAR = {2005},
    NUMBER = {3},
     PAGES = {720--742},
      ISSN = {0097-5397},
     CODEN = {SMJCAT},
   MRCLASS = {68T20 (08A70 68Q25)},
  MRNUMBER = {2137072 (2005k:68181)},
MRREVIEWER = {Benoit Larose},
       DOI = {10.1137/S0097539700376676},
       URL = {http://dx.doi.org/10.1137/S0097539700376676},
}
@article{MR0464698,
    AUTHOR = {Ladner, Richard E.},
     TITLE = {On the structure of polynomial time reducibility},
   JOURNAL = {J. Assoc. Comput. Mach.},
  FJOURNAL = {Journal of the Association for Computing Machinery},
    VOLUME = {22},
      YEAR = {1975},
     PAGES = {155--171},
      ISSN = {0004-5411},
   MRCLASS = {68A20},
  MRNUMBER = {0464698 (57 \#4623)},
MRREVIEWER = {Pavel Strnad},
}
@article {MR2416347,
    AUTHOR = {Cohen, David and Jeavons, Peter and Gyssens, Marc},
     TITLE = {A unified theory of structural tractability for constraint
              satisfaction problems},
   JOURNAL = {J. Comput. System Sci.},
  FJOURNAL = {Journal of Computer and System Sciences},
    VOLUME = {74},
      YEAR = {2008},
    NUMBER = {5},
     PAGES = {721--743},
      ISSN = {0022-0000},
     CODEN = {JCSSBM},
   MRCLASS = {68Q25 (68T20 90B80)},
  MRNUMBER = {2416347},
       DOI = {10.1016/j.jcss.2007.08.001},
       URL = {http://dx.doi.org/10.1016/j.jcss.2007.08.001},
}
@article {MR1481313,
    AUTHOR = {Jeavons, Peter and Cohen, David and Gyssens, Marc},
     TITLE = {Closure properties of constraints},
   JOURNAL = {J. ACM},
  FJOURNAL = {Journal of the ACM},
    VOLUME = {44},
      YEAR = {1997},
    NUMBER = {4},
     PAGES = {527--548},
      ISSN = {0004-5411},
   MRCLASS = {68Q25 (68Q15 68R05 68T20)},
  MRNUMBER = {1481313 (99a:68089)},
MRREVIEWER = {Armin Cremers},
       DOI = {10.1145/263867.263489},
       URL = {http://dx.doi.org/10.1145/263867.263489},
}
@article {MR2563736,
  AUTHOR = {Berman, Joel and Idziak, Pawe{\l} and Markovi{\'c}, Petar and
      McKenzie, Ralph and Valeriote, Matthew and Willard, Ross},
    TITLE = {Varieties with few subalgebras of powers},
    JOURNAL = {Trans. Amer. Math. Soc.},
    FJOURNAL = {Transactions of the American Mathematical Society},
    VOLUME = {362},
    YEAR = {2010},
    NUMBER = {3},
    PAGES = {1445--1473},
    ISSN = {0002-9947},
    CODEN = {TAMTAM},
    MRCLASS = {08B05 (08A30 08A70 08B10 68Q25 68Q32 68T20)},
    MRNUMBER = {2563736 (2010k:08010)},
    MRREVIEWER = {Ivan Chajda},
    DOI = {10.1090/S0002-9947-09-04874-0},
    URL = {http://dx.doi.org/10.1090/S0002-9947-09-04874-0}
  }
  @incollection {MR2648455,
    AUTHOR = {Barto, Libor and Kozik, Marcin},
    TITLE = {Constraint satisfaction problems of bounded width},
    BOOKTITLE = {2009 50th {A}nnual {IEEE} {S}ymposium on {F}oundations of
              {C}omputer {S}cience ({FOCS} 2009)},
    PAGES = {595--603},
    PUBLISHER = {IEEE Computer Soc., Los Alamitos, CA},
    YEAR = {2009},
    MRCLASS = {68Q25 (68T20)},
    MRNUMBER = {2648455 (2011d:68051)},
    DOI = {10.1109/FOCS.2009.32},
    URL = {http://dx.doi.org/10.1109/FOCS.2009.32},
}
@incollection {MR2953899,
    AUTHOR = {Barto, Libor and Kozik, Marcin},
     TITLE = {New conditions for {T}aylor varieties and {CSP}},
 BOOKTITLE = {25th {A}nnual {IEEE} {S}ymposium on {L}ogic in {C}omputer
              {S}cience {LICS} 2010},
     PAGES = {100--109},
 PUBLISHER = {IEEE Computer Soc., Los Alamitos, CA},
      YEAR = {2010},
   MRCLASS = {08A70 (68Q25)},
  MRNUMBER = {2953899},
}
  @article {MR2893395,
    AUTHOR = {Barto, Libor and Kozik, Marcin},
    TITLE = {Absorbing subalgebras, cyclic terms, and the constraint
      satisfaction problem},
    JOURNAL = {Log. Methods Comput. Sci.},
    FJOURNAL = {Logical Methods in Computer Science},
    VOLUME = {8},
    YEAR = {2012},
    NUMBER = {1},
    PAGES = {1:07, 27},
    ISSN = {1860-5974},
    MRCLASS = {68Q17 (08A70)},
    MRNUMBER = {2893395},
    DOI = {10.2168/LMCS-8(1:7)2012},
    URL = {http://dx.doi.org/10.2168/LMCS-8(1:7)2012}
  }
  @article {MR3374664,
    AUTHOR = {Barto, Libor and Kozik, Marcin and Stanovsk{\'y}, David},
    TITLE = {Mal'tsev conditions, lack of absorption, and solvability},
    JOURNAL = {Algebra Universalis},
    FJOURNAL = {Algebra Universalis},
    VOLUME = {74},
    YEAR = {2015},
    NUMBER = {1-2},
    PAGES = {185--206},
    ISSN = {0002-5240},
    MRCLASS = {08B05 (08A05)},
    MRNUMBER = {3374664},
    DOI = {10.1007/s00012-015-0338-z},
    URL = {http://dx.doi.org/10.1007/s00012-015-0338-z},
  }  
@misc{blazy,
author = {Blazy, S.},
title = {Compiling avionics software with the CompCert formally verified compiler},
howpublished = {Available at \url{http://materials.dagstuhl.de/files/15/15182/15182.SandrineBlazy.Slides.pdf}},
year = 2015
}
@article{Fasel:2017,
author = {J. Fasel},
title = {Erratum on ``On the number of generators of ideals in polynomial rings''},
journal=  {Annals of Mathematics}, 
series = {Second},
volume = 186,
number = 2,
pages = {647--648},
year = 2017
}
