@article{MR2463991,
    AUTHOR = {Gonthier, Georges},
     TITLE = {Formal proof---the four-color theorem},
   JOURNAL = {Notices Amer. Math. Soc.},
  FJOURNAL = {Notices of the American Mathematical Society},
    VOLUME = {55},
      YEAR = {2008},
    NUMBER = {11},
     PAGES = {1382--1393},
      ISSN = {0002-9920},
     CODEN = {AMNOAN},
   MRCLASS = {05C15 (68T15)},
  MRNUMBER = {2463991 (2009j:05079)},
MRREVIEWER = {Solomon Marcus},
}
@book{MR769301,
    AUTHOR = {Martin-L{\"o}f, Per},
     TITLE = {Intuitionistic type theory},
    SERIES = {Studies in Proof Theory. Lecture Notes},
    VOLUME = {1},
      NOTE = {Notes by Giovanni Sambin},
 PUBLISHER = {Bibliopolis, Naples},
      YEAR = {1984},
     PAGES = {iv+91},
      ISBN = {88-7088-105-9},
   MRCLASS = {03B15 (03F50 03F55)},
  MRNUMBER = {769301 (86j:03005)},
MRREVIEWER = {M. M. Richter},
}
@Manual{Coq:manual,
  title =        {The Coq proof assistant reference manual},
  author =       {The Coq development team},
  organization = {LogiCal Project},
  note =         {Version 8.0},
  year =         {2004},
  url =          "http://coq.inria.fr"
}
@book{MR2229784,
    AUTHOR = {Bertot, Yves and Cast{\'e}ran, Pierre},
     TITLE = {Interactive theorem proving and program development},
    SERIES = {Texts in Theoretical Computer Science. An EATCS Series},
      NOTE = {Coq'Art: the calculus of inductive constructions,
              With a foreword by G{\'e}rard Huet and Christine
              Paulin-Mohring},
 PUBLISHER = {Springer-Verlag, Berlin},
      YEAR = {2004},
     PAGES = {xxvi+469},
      ISBN = {3-540-20854-2},
   MRCLASS = {68-01 (03B35 68T15)},
  MRNUMBER = {2229784 (2007i:68001)},
       DOI = {10.1007/978-3-662-07964-5},
       URL = {http://dx.doi.org/10.1007/978-3-662-07964-5},
}
@article{MR935892,
    AUTHOR = {Coquand, Thierry and Huet, G{\'e}rard},
     TITLE = {The calculus of constructions},
   JOURNAL = {Inform. and Comput.},
  FJOURNAL = {Information and Computation},
    VOLUME = {76},
      YEAR = {1988},
    NUMBER = {2-3},
     PAGES = {95--120},
      ISSN = {0890-5401},
   MRCLASS = {68Q55 (03B15 03B35 03B40 03B70)},
  MRNUMBER = {935892 (89j:68096)},
MRREVIEWER = {R. P. Nederpelt},
       DOI = {10.1016/0890-5401(88)90005-3},
       URL = {http://dx.doi.org/10.1016/0890-5401(88)90005-3},
}
@article {Palfy:1980,
    AUTHOR = {P{\'a}lfy, P{\'e}ter P{\'a}l and Pudl{\'a}k, Pavel},
     TITLE = {Congruence lattices of finite algebras and intervals in
              subgroup lattices of finite groups},
   JOURNAL = {Algebra Universalis},
  FJOURNAL = {Algebra Universalis},
    VOLUME = {11},
      YEAR = {1980},
    NUMBER = {1},
     PAGES = {22--27},
      ISSN = {0002-5240},
   MRCLASS = {08A30 (06B15 08A60 20E15)},
  MRNUMBER = {593011 (82g:08003)},
MRREVIEWER = {Ralph Freese},
DOI = {10.1007/BF02483080}
}
@article {MR3076179,
    AUTHOR = {Kearnes, Keith A. and Kiss, Emil W.},
     TITLE = {The shape of congruence lattices},
   JOURNAL = {Mem. Amer. Math. Soc.},
  FJOURNAL = {Memoirs of the American Mathematical Society},
    VOLUME = {222},
      YEAR = {2013},
    NUMBER = {1046},
     PAGES = {viii+169},
      ISSN = {0065-9266},
      ISBN = {978-0-8218-8323-5},
   MRCLASS = {08B05 (08B10)},
  MRNUMBER = {3076179},
MRREVIEWER = {James B. Nation},
       DOI = {10.1090/S0065-9266-2012-00667-8},
       URL = {http://dx.doi.org/10.1090/S0065-9266-2012-00667-8},
}
  @article {Freese:2009,
    AUTHOR = {Freese, Ralph and Valeriote, Matthew A.},
    TITLE = {On the complexity of some {M}altsev conditions},
    JOURNAL = {Internat. J. Algebra Comput.},
    FJOURNAL = {International Journal of Algebra and Computation},
    VOLUME = {19},
    YEAR = {2009},
    NUMBER = {1},
    PAGES = {41--77},
    ISSN = {0218-1967},
    MRCLASS = {08B05 (03C05 08B10 68Q25)},
    MRNUMBER = {2494469 (2010a:08008)},
    MRREVIEWER = {Clifford H. Bergman},
    DOI = {10.1142/S0218196709004956},
    URL = {http://dx.doi.org/10.1142/S0218196709004956}
  }
@book {MR2839398,
    AUTHOR = {Bergman, Clifford},
     TITLE = {Universal algebra},
    SERIES = {Pure and Applied Mathematics (Boca Raton)},
    VOLUME = {301},
      NOTE = {Fundamentals and selected topics},
 PUBLISHER = {CRC Press, Boca Raton, FL},
      YEAR = {2012},
     PAGES = {xii+308},
      ISBN = {978-1-4398-5129-6},
   MRCLASS = {08-02 (06-02 08A40 08B05 08B10 08B26)},
  MRNUMBER = {2839398 (2012k:08001)},
MRREVIEWER = {Konrad P. Pi{\'o}ro},
}

@unpublished{Bergman-DeMeo:2016,
    AUTHOR = {Bergman, Clifford and DeMeo, William},
    TITLE = {Universal Algebraic Methods for Constraint Satisfaction Problems},
    YEAR = {2016},
    NOTE = {Submitted to {L}{M}{C}{S}},
    URL = {https://arxiv.org/abs/1611.02867}
}
@article {MR3350338,
    AUTHOR = {Bergman, Clifford and Failing, David},
    TITLE = {Commutative idempotent groupoids and the constraint
      satisfaction problem},
    JOURNAL = {Algebra Universalis},
    FJOURNAL = {Algebra Universalis},
    VOLUME = {73},
    YEAR = {2015},
    NUMBER = {3-4},
    PAGES = {391--417},
    ISSN = {0002-5240},
    MRCLASS = {08A70 (08B25 68Q25)},
    MRNUMBER = {3350338},
    DOI = {10.1007/s00012-015-0323-6},
    URL = {http://dx.doi.org/10.1007/s00012-015-0323-6},
  }
@book {Neumann:1967,
    AUTHOR = {Neumann, Hanna},
     TITLE = {Varieties of groups},
 PUBLISHER = {Springer-Verlag New York, Inc., New York},
      YEAR = {1967},
     PAGES = {x+192},
   MRCLASS = {20.08 (08.00)},
  MRNUMBER = {0215899 (35 \#6734)},
MRREVIEWER = {I. D. Macdonald},
}
@preamble{
   "\def\cprime{$'$} "
}
@article {Malcev:1967,
    AUTHOR = {Mal{\cprime}cev, A. I.},
     TITLE = {Multiplication of classes of algebraic systems},
   JOURNAL = {Sibirsk. Mat. \v Z.},
  FJOURNAL = {Akademija Nauk SSSR. Sibirskoe Otdelenie. Sibirski\u\i\
              Matemati\v ceski\u\i\ \v Zurnal},
    VOLUME = {8},
      YEAR = {1967},
     PAGES = {346--365},
      ISSN = {0037-4474},
   MRCLASS = {08.30},
  MRNUMBER = {0213276 (35 \#4140)},
MRREVIEWER = {R. S. Pierce},
}
@unpublished{TreeOnTop,
    AUTHOR = {Mar{\'o}ti, Mikl{\'o}},
     TITLE = {The calculus of constructions},
   JOURNAL = {Inform. and Comput.},
  FJOURNAL = {Information and Computation},
    VOLUME = {76},
      YEAR = {1988},
    NUMBER = {2-3},
     PAGES = {95--120},
      ISSN = {0890-5401},
   MRCLASS = {68Q55 (03B15 03B35 03B40 03B70)},
  MRNUMBER = {935892 (89j:68096)},
MRREVIEWER = {R. P. Nederpelt},
       DOI = {10.1016/0890-5401(88)90005-3},
       URL = {http://dx.doi.org/10.1016/0890-5401(88)90005-3},
}
@article{MR911575,
    AUTHOR = {Szendrei, {\'A}gnes},
     TITLE = {Idempotent algebras with restrictions on subalgebras},
   JOURNAL = {Acta Sci. Math. (Szeged)},
  FJOURNAL = {Acta Universitatis Szegediensis. Acta Scientiarum
              Mathematicarum},
    VOLUME = {51},
      YEAR = {1987},
    NUMBER = {1-2},
     PAGES = {251--268},
      ISSN = {0001-6969},
     CODEN = {ASMCBP},
   MRCLASS = {08A40},
  MRNUMBER = {911575 (89d:08005)},
MRREVIEWER = {David M. Clark}
}
@article{MR2333368,
    AUTHOR = {Kearnes, Keith A. and Tschantz, Steven T.},
     TITLE = {Automorphism groups of squares and of free algebras},
   JOURNAL = {Internat. J. Algebra Comput.},
  FJOURNAL = {International Journal of Algebra and Computation},
    VOLUME = {17},
      YEAR = {2007},
    NUMBER = {3},
     PAGES = {461--505},
      ISSN = {0218-1967},
   MRCLASS = {08A35 (08B20 20B25)},
  MRNUMBER = {2333368 (2008f:08003)},
MRREVIEWER = {Giovanni Ferrero},
       DOI = {10.1142/S0218196707003615},
       URL = {http://dx.doi.org/10.1142/S0218196707003615}
}
@BOOK{alvi:1987,
    AUTHOR = {McKenzie, Ralph N. and McNulty, George F. and Taylor, Walter F.},
     TITLE = {Algebras, lattices, varieties. {V}ol. {I}},
 PUBLISHER = {Wadsworth \& Brooks/Cole},
   ADDRESS = {Monterey, CA},
      YEAR = {1987},
     PAGES = {xvi+361},
      ISBN = {0-534-07651-3},
   MRCLASS = {08-01 (06-01)},
  MRNUMBER = {883644 (88e:08001)},
MRREVIEWER = {Gudrun Kalmbach},
}
@article{MR2926316,
    AUTHOR = {Markovi{\'c}, Petar and Mar{\'o}ti, Mikl{\'o}s and McKenzie,
              Ralph},
     TITLE = {Finitely related clones and algebras with cube terms},
   JOURNAL = {Order},
  FJOURNAL = {Order. A Journal on the Theory of Ordered Sets and its
              Applications},
    VOLUME = {29},
      YEAR = {2012},
    NUMBER = {2},
     PAGES = {345--359},
      ISSN = {0167-8094},
     CODEN = {ORDRE5},
   MRCLASS = {08A62 (08A99 08B05 08B10)},
  MRNUMBER = {2926316},
MRREVIEWER = {Anna Romanowska},
       DOI = {10.1007/s11083-011-9232-2},
       URL = {http://dx.doi.org/10.1007/s11083-011-9232-2},
}
@article{MR1630445,
    AUTHOR = {Feder, Tom{\'a}s and Vardi, Moshe Y.},
     TITLE = {The computational structure of monotone monadic {SNP} and
              constraint satisfaction: a study through {D}atalog and group
              theory},
   JOURNAL = {SIAM J. Comput.},
  FJOURNAL = {SIAM Journal on Computing},
    VOLUME = {28},
      YEAR = {1999},
    NUMBER = {1},
     PAGES = {57--104 (electronic)},
      ISSN = {0097-5397},
   MRCLASS = {68Q15 (03D15 68R05)},
  MRNUMBER = {1630445 (2000e:68063)},
MRREVIEWER = {A. M. Dawes},
       DOI = {10.1137/S0097539794266766},
       URL = {http://dx.doi.org/10.1137/S0097539794266766},
}
@article{MR2137072,
    AUTHOR = {Bulatov, Andrei and Jeavons, Peter and Krokhin, Andrei},
     TITLE = {Classifying the complexity of constraints using finite
              algebras},
   JOURNAL = {SIAM J. Comput.},
  FJOURNAL = {SIAM Journal on Computing},
    VOLUME = {34},
      YEAR = {2005},
    NUMBER = {3},
     PAGES = {720--742},
      ISSN = {0097-5397},
     CODEN = {SMJCAT},
   MRCLASS = {68T20 (08A70 68Q25)},
  MRNUMBER = {2137072 (2005k:68181)},
MRREVIEWER = {Benoit Larose},
       DOI = {10.1137/S0097539700376676},
       URL = {http://dx.doi.org/10.1137/S0097539700376676},
}
@article{MR0464698,
    AUTHOR = {Ladner, Richard E.},
     TITLE = {On the structure of polynomial time reducibility},
   JOURNAL = {J. Assoc. Comput. Mach.},
  FJOURNAL = {Journal of the Association for Computing Machinery},
    VOLUME = {22},
      YEAR = {1975},
     PAGES = {155--171},
      ISSN = {0004-5411},
   MRCLASS = {68A20},
  MRNUMBER = {0464698 (57 \#4623)},
MRREVIEWER = {Pavel Strnad},
}
@article {MR2416347,
    AUTHOR = {Cohen, David and Jeavons, Peter and Gyssens, Marc},
     TITLE = {A unified theory of structural tractability for constraint
              satisfaction problems},
   JOURNAL = {J. Comput. System Sci.},
  FJOURNAL = {Journal of Computer and System Sciences},
    VOLUME = {74},
      YEAR = {2008},
    NUMBER = {5},
     PAGES = {721--743},
      ISSN = {0022-0000},
     CODEN = {JCSSBM},
   MRCLASS = {68Q25 (68T20 90B80)},
  MRNUMBER = {2416347},
       DOI = {10.1016/j.jcss.2007.08.001},
       URL = {http://dx.doi.org/10.1016/j.jcss.2007.08.001},
}
@article {MR1481313,
    AUTHOR = {Jeavons, Peter and Cohen, David and Gyssens, Marc},
     TITLE = {Closure properties of constraints},
   JOURNAL = {J. ACM},
  FJOURNAL = {Journal of the ACM},
    VOLUME = {44},
      YEAR = {1997},
    NUMBER = {4},
     PAGES = {527--548},
      ISSN = {0004-5411},
   MRCLASS = {68Q25 (68Q15 68R05 68T20)},
  MRNUMBER = {1481313 (99a:68089)},
MRREVIEWER = {Armin Cremers},
       DOI = {10.1145/263867.263489},
       URL = {http://dx.doi.org/10.1145/263867.263489},
}
@article {MR2563736,
  AUTHOR = {Berman, Joel and Idziak, Pawe{\l} and Markovi{\'c}, Petar and
      McKenzie, Ralph and Valeriote, Matthew and Willard, Ross},
    TITLE = {Varieties with few subalgebras of powers},
    JOURNAL = {Trans. Amer. Math. Soc.},
    FJOURNAL = {Transactions of the American Mathematical Society},
    VOLUME = {362},
    YEAR = {2010},
    NUMBER = {3},
    PAGES = {1445--1473},
    ISSN = {0002-9947},
    CODEN = {TAMTAM},
    MRCLASS = {08B05 (08A30 08A70 08B10 68Q25 68Q32 68T20)},
    MRNUMBER = {2563736 (2010k:08010)},
    MRREVIEWER = {Ivan Chajda},
    DOI = {10.1090/S0002-9947-09-04874-0},
    URL = {http://dx.doi.org/10.1090/S0002-9947-09-04874-0}
  }
  @incollection {MR2648455,
    AUTHOR = {Barto, Libor and Kozik, Marcin},
    TITLE = {Constraint satisfaction problems of bounded width},
    BOOKTITLE = {2009 50th {A}nnual {IEEE} {S}ymposium on {F}oundations of
              {C}omputer {S}cience ({FOCS} 2009)},
    PAGES = {595--603},
    PUBLISHER = {IEEE Computer Soc., Los Alamitos, CA},
    YEAR = {2009},
    MRCLASS = {68Q25 (68T20)},
    MRNUMBER = {2648455 (2011d:68051)},
    DOI = {10.1109/FOCS.2009.32},
    URL = {http://dx.doi.org/10.1109/FOCS.2009.32},
}
@incollection {MR2953899,
    AUTHOR = {Barto, Libor and Kozik, Marcin},
     TITLE = {New conditions for {T}aylor varieties and {CSP}},
 BOOKTITLE = {25th {A}nnual {IEEE} {S}ymposium on {L}ogic in {C}omputer
              {S}cience {LICS} 2010},
     PAGES = {100--109},
 PUBLISHER = {IEEE Computer Soc., Los Alamitos, CA},
      YEAR = {2010},
   MRCLASS = {08A70 (68Q25)},
  MRNUMBER = {2953899},
}
  @article {MR2893395,
    AUTHOR = {Barto, Libor and Kozik, Marcin},
    TITLE = {Absorbing subalgebras, cyclic terms, and the constraint
      satisfaction problem},
    JOURNAL = {Log. Methods Comput. Sci.},
    FJOURNAL = {Logical Methods in Computer Science},
    VOLUME = {8},
    YEAR = {2012},
    NUMBER = {1},
    PAGES = {1:07, 27},
    ISSN = {1860-5974},
    MRCLASS = {68Q17 (08A70)},
    MRNUMBER = {2893395},
    DOI = {10.2168/LMCS-8(1:7)2012},
    URL = {http://dx.doi.org/10.2168/LMCS-8(1:7)2012}
  }
  @article {MR3374664,
    AUTHOR = {Barto, Libor and Kozik, Marcin and Stanovsk{\'y}, David},
    TITLE = {Mal'tsev conditions, lack of absorption, and solvability},
    JOURNAL = {Algebra Universalis},
    FJOURNAL = {Algebra Universalis},
    VOLUME = {74},
    YEAR = {2015},
    NUMBER = {1-2},
    PAGES = {185--206},
    ISSN = {0002-5240},
    MRCLASS = {08B05 (08A05)},
    MRNUMBER = {3374664},
    DOI = {10.1007/s00012-015-0338-z},
    URL = {http://dx.doi.org/10.1007/s00012-015-0338-z},
  }
@misc{william_demeo_2016_53936,
  author       = {William DeMeo and
                  Ralph Freese},
  title        = {AlgebraFiles v1.0.1},
  month        = May,
  year         = 2016,
  doi          = {10.5281/zenodo.53936},
  url          = {http://dx.doi.org/10.5281/zenodo.53936}
}
